% Here all your references are included
@Book{referenzA,
	author = {Autor des Titels},
	title = {Titel der Referenz},
	publisher = {Herausgeber},
	year = {Das Jahr},
	address = {\url{http://www.eine.url.der.referenz.de}},
	note = {ein paar zusï¿½tzliche Sachen}
}


